@online{usk_aufbau-strategie,
	title={Aufbau-Strategie},
	url={https://usk.de/alle-lexikonbegriffe/aufbau-strategie/},
	urldate={2022-04-12}
}
@online{usk_6,
	title={USK ab 6 Jahren},
	publisher={USK},
	url={https://usk.de/alle-lexikonbegriffe/usk-ab-06-jahren/},
	urldate={2022-04-14}
}